<?xml version="1.0" encoding="UTF-8"?><collection xmlns="http://www.loc.gov/MARC21/slim"><record><leader>00528nam--2200181-i-4500</leader><controlfield tag="001">000028368</controlfield><controlfield tag="002">20161230</controlfield><controlfield tag="005">20170119140431</controlfield><controlfield tag="008">060222s1000------------r-----000-0-eng-d</controlfield><datafield ind1=" " ind2=" " tag="040"><subfield code="a">IFIN-HH</subfield></datafield><datafield ind1=" " ind2=" " tag="080"><subfield code="a">539.14</subfield></datafield><datafield ind1="1" ind2=" " tag="100"><subfield code="a">Lane, A.M</subfield></datafield><datafield ind1="1" ind2="0" tag="245"><subfield code="a">Nuclear Theory</subfield><subfield code="b">Pairing Force Correlations and Collective Motion</subfield><subfield code="c">A.M. Lane</subfield></datafield><datafield ind1=" " ind2=" " tag="260"><subfield code="a">New York</subfield><subfield code="b">W.A.Benjamin, Inc</subfield><subfield code="c">1964</subfield></datafield><datafield ind1=" " ind2=" " tag="300"><subfield code="a">x+ 250p</subfield></datafield><datafield ind1=" " ind2=" " tag="490"><subfield code="a">Frontiers In Physics. A Lecture Note and Reprint Series</subfield></datafield><datafield ind1=" " ind2=" " tag="852"><subfield code="a">19791</subfield><subfield code="c">539.14</subfield></datafield><datafield ind1=" " ind2=" " tag="CAT"><subfield code="a">SYS</subfield><subfield code="c">20170119</subfield><subfield code="h">140431</subfield></datafield></record></collection>